<record><leader>00000cas a22000007a 4500</leader><controlfield tag="001">9941493</controlfield><controlfield tag="008">830923d182u182unyuwr ne      0    0eng d</controlfield><datafield ind1=" " ind2=" " tag="010"><subfield code="a">sn 83031246 </subfield></datafield><datafield ind1=" " ind2=" " tag="040"><subfield code="a">NPU</subfield><subfield code="b">eng</subfield><subfield code="c">NPU</subfield><subfield code="d">NPX</subfield><subfield code="d">UNP</subfield><subfield code="d">NYS</subfield><subfield code="d">OCL</subfield><subfield code="d">OCLCQ</subfield></datafield><datafield ind1=" " ind2=" " tag="042"><subfield code="a">msc</subfield></datafield><datafield ind1=" " ind2=" " tag="043"><subfield code="a">n-us-ny</subfield></datafield><datafield ind1="0" ind2="0" tag="245"><subfield code="a">Livingston gazette and Moscow advertiser.</subfield></datafield><datafield ind1=" " ind2=" " tag="260"><subfield code="a">Moscow [i.e. Leicester], N.Y. :</subfield><subfield code="b">B.H. Ripley</subfield></datafield><datafield ind1=" " ind2=" " tag="300"><subfield code="a">v. ;</subfield><subfield code="c">48 cm.</subfield></datafield><datafield ind1=" " ind2=" " tag="310"><subfield code="a">Weekly</subfield></datafield><datafield ind1=" " ind2=" " tag="588"><subfield code="a">Description based on: Vol. 5, no. 253 (Dec. 27, 1821).</subfield></datafield><datafield ind1=" " ind2="0" tag="651"><subfield code="a">Moscow (N.Y.)</subfield><subfield code="v">Newspapers.</subfield></datafield><datafield ind1=" " ind2="0" tag="651"><subfield code="a">Leicester (N.Y.)</subfield><subfield code="v">Newspapers.</subfield></datafield><datafield ind1=" " ind2=" " tag="752"><subfield code="a">United States</subfield><subfield code="b">New York</subfield><subfield code="c">Livingston</subfield><subfield code="d">Moscow.</subfield></datafield><datafield ind1=" " ind2=" " tag="752"><subfield code="a">United States</subfield><subfield code="b">New York</subfield><subfield code="c">Livingston</subfield><subfield code="d">Leicester.</subfield></datafield><datafield ind1="0" ind2="0" tag="780"><subfield code="t">Moscow advertiser</subfield><subfield code="w">(DLC)sn 88074292</subfield><subfield code="w">(OCoLC)18001356</subfield></datafield><datafield ind1="0" ind2="0" tag="785"><subfield code="t">Livingston gazette</subfield><subfield code="w">(DLC)sn 88074293</subfield><subfield code="w">(OCoLC)18001388</subfield></datafield></record>